Below is an example of a bib entry:

misc is used when none of the pre-defined tags fit the bill - ie one can add as many information as one needs in a misc tag!
doi:10.1063/1.4917553

@article{ lattice,
      author         = "Gattringer, Christof and Lang, Christian B.",
      title          = "{Quantum Chromodynamics on the Lattice}",
      journal        = "Lect. Notes Phys.",
      volume         = "788",
      year           = "2010",
      pages          = "1-343",
      doi            = "10.1007/978-3-642-01850-3",
      SLACcitation   = "%%CITATION = LNPHA,788,1;%%"
}


@ARTICLE{ codata,
   author = {{Mohr}, P.~J. and {Taylor}, B.~N. and {Newell}, D.~B.},
    title = "{CODATA recommended values of the fundamental physical constants: 2010}",
  journal = {Reviews of Modern Physics},
archivePrefix = "arXiv",
   eprint = {1203.5425},
 primaryClass = "physics.atom-ph",
 keywords = {Determination of fundamental constants, Quantum electrodynamics},
     year = 2012,
    month = oct,
   volume = 84,
    pages = {1527-1605},
      doi = {10.1103/RevModPhys.84.1527},
   adsurl = {http://adsabs.harvard.edu/abs/2012RvMP...84.1527M},
  adsnote = {Provided by the SAO/NASA Astrophysics Data System}
}


@article{  schwinger,
  title = "{On Quantum-Electrodynamics and the Magnetic Moment of the Electron}",
  author = {Schwinger, Julian},
  journal = {Phys. Rev.},
  volume = {73},
  issue = {4},
  pages = {416--417},
  numpages = {0},
  year = {1948},
  month = {Feb},
  publisher = {American Physical Society},
  doi = {10.1103/PhysRev.73.416},
  url = {https://link.aps.org/doi/10.1103/PhysRev.73.416}
}


@Book{ jackson,
 author = {Jackson, John},
 title = {Classical electrodynamics},
 publisher = {Wiley},
 year = {1999},
 address = {New York},
 isbn = {047130932X}
 }

@article{ vainshtein,
  title = "{Hadronic Light-by-Light Scattering Contribution to the Muon Anomalous Magnetic Moment Reexamined}",
  author = {Melnikov, Kirill and Vainshtein, Arkady},
  journal = {Phys. Rev. D},
  volume = {70},
  issue = {11},
  pages = {113006},
  numpages = {16},
  year = {2004},
  month = {Dec},
  publisher = {American Physical Society},
  doi = {10.1103/PhysRevD.70.113006},
  url = {https://link.aps.org/doi/10.1103/PhysRevD.70.113006}
}


@article{ prades,
      author         = "Prades, Joaquim and de Rafael, Eduardo and Vainshtein,
                        Arkady",
      title          = "{The Hadronic Light-by-Light Scattering Contribution to
                        the Muon and Electron Anomalous Magnetic Moments}",
      journal        = "Adv. Ser. Direct. High Energy Phys.",
      volume         = "20",
      year           = "2009",
      pages          = "303-317",
      doi            = "10.1142/9789814271844_0009",
      eprint         = "0901.0306",
      archivePrefix  = "arXiv",
      primaryClass   = "hep-ph",
      reportNumber   = "UG-FT-242-08, CAFPE-112-08, CPT-P092-2008,
                        FTPI-MINN-08-41, UMN-TH-2723-08, --UMN-TH-2723-08",
      SLACcitation   = "%%CITATION = ARXIV:0901.0306;%%"
}

@article{gnendiger,
  title = {The Electroweak Contributions to $\mathbf{(}g\mathbf{\ensuremath{-}}2{\mathbf{)}}_{\ensuremath{\mu}}$ After the Higgs-boson Mass Measurement},
  author = {Gnendiger, C. and St\"ockinger, D. and St\"ockinger-Kim, H.},
  journal = {Phys. Rev. D},
  volume = {88},
  issue = {5},
  pages = {053005},
  numpages = {6},
  year = {2013},
  month = {Sep},
  publisher = {American Physical Society},
  doi = {10.1103/PhysRevD.88.053005},
  note = {\url{https://link.aps.org/doi/10.1103/PhysRevD.88.053005}}
}


@article{aoyama,
  title = {Complete Tenth-Order QED Contribution to the Muon $g\mathbf{\ensuremath{-}}2$},
  author = {Aoyama, Tatsumi and Hayakawa, Masashi and Kinoshita, Toichiro and Nio, Makiko},
  journal = {Phys. Rev. Lett.},
  volume = {109},
  issue = {11},
  pages = {111808},
  numpages = {4},
  year = {2012},
  month = {Sep},
  publisher = {American Physical Society},
  doi = {10.1103/PhysRevLett.109.111808},
  note = {\url{https://link.aps.org/doi/10.1103/PhysRevLett.109.111808}}
}


@unpublished{tong,
	title = "{Quantum Field Theory}",
	author = "D. Tong",
	year = 2018,
	note = {Mathematical Tripos Michaelmas Lecture Notes}

}

@article{pade2,
author = {Michael Barnsley},
title = {The bounding properties of the multipoint Padé approximant to a series of Stieltjes on the real line},
journal = {Journal of Mathematical Physics},
volume = {14},
number = {3},
pages = {299-313},
year = {1973},
doi = {10.1063/1.1666314},
URL = {\url{https://doi.org/10.1063/1.1666314}},
eprint = {\url{https://doi.org/10.1063/1.1666314}}

}


@misc{ pade,
  title = "{Pad\'{e} Approximation}",
  author = "Lotz, M.",
  note = {Numerical Analysis 2 Lecture Notes},
  howpublished = {\url{https://na2.org/lectures/}}
}

@misc{ antiperiodic,
  title = "{Quantum Field Theory II: Fermi Systems}",
  author = "Murayama, H.",
  note = {221B Spring Lecture Notes},
  howpublished = {\url{http://hitoshi.berkeley.edu/}}
}

@book{zee,
      author        = "Zee, A",
      title         = "{Quantum Field Theory in a Nutshell}",
      publisher     = "Princeton Univ. Press",
      address       = "Princeton, NJ",
      series        = "Nutshell Handbook",
      year          = "2003",
      url           = "https://cds.cern.ch/record/706825",
}

@article{blum,
  title = "{Lattice Calculation of Hadronic Light-by-Light Contribution to the Muon Anomalous Magnetic Moment}",
  author = {Blum, Thomas and Christ, Norman and Hayakawa, Masashi and Izubuchi, Taku and Jin, Luchang and Lehner, Christoph},
  journal = {Phys. Rev. D},
  volume = {93},
  issue = {1},
  pages = {014503},
  numpages = {25},
  year = {2016},
  month = {Jan},
  publisher = {American Physical Society},
  doi = {10.1103/PhysRevD.93.014503},
  note = {\url{https://link.aps.org/doi/10.1103/PhysRevD.93.014503}}
}



@misc{ euler-mascheroni,
  title = "{Euler-Mascheroni Constant}",
  author = "Weisstein, Eric W.",
  note = {From MathWorld - A Wolfram Web Resource.},
  howpublished = {\url{http://mathworld.wolfram.com/Euler-MascheroniConstant.html}}

}


@misc{ digamma,
  title = "{Digamma Function}",
  author = "Weisstein, Eric W.",
  note = {From MathWorld - A Wolfram Web Resource.},
  howpublished = {\url{http://mathworld.wolfram.com/DigammaFunction.html}},
}

@misc{ bessel1,
  title = "{Modified Bessel Function of the First Kind}",
  author = "Weisstein, Eric W.",
  note = {From MathWorld - A Wolfram Web Resource.},
  howpublished = {\url{http://mathworld.wolfram.com/ModifiedBesselFunctionoftheFirstKind.html}}
}


@misc{ reflection,
  title = "{Reflection Relation}",
  author = "Weisstein, Eric W.",
  note = {From MathWorld - A Wolfram Web Resource.},
  howpublished = {\url{http://mathworld.wolfram.com/ReflectionRelation.html}}
}

@misc{ laplace,
  title = "{Laplace Transform}",
  author = "Weisstein, Eric W.",
  note = {From MathWorld - A Wolfram Web Resource.},
  howpublished = {\url{http://mathworld.wolfram.com/LaplaceTransform.html}}
}

@misc{ bessel,
  title = "{Modified Bessel Function of the Second Kind}",
  author = "Weisstein, Eric W.",
  note = {From MathWorld - A Wolfram Web Resource.},
  howpublished = {\url{http://mathworld.wolfram.com/ModifiedBesselFunctionoftheSecondKind.html}}

}

@article{vector,
      author         = "Bernecker, David and Meyer, Harvey B.",
      title          = "{Vector Correlators in Lattice QCD: Methods and
                        applications}",
      journal        = "Eur. Phys. J.",
      volume         = "A47",
      year           = "2011",
      pages          = "148",
      doi            = "10.1140/epja/i2011-11148-6",
      eprint         = "1107.4388",
      archivePrefix  = "arXiv",
      primaryClass   = "hep-lat",
      SLACcitation   = "%%CITATION = ARXIV:1107.4388;%%"
}

@unpublished{sm,
	title = "{The Standard Model}",
	author = "C. E. Thomas",
	year = 2018,
	note = {Mathematical Tripos Lent Lecture Notes}

}

@article{dellamorte,
      author         = "Della Morte, M. and Francis, A. and Gülpers, V. and
                        Herdoíza, G. and von Hippel, G. and Horch, H. and Jäger,
                        B. and Meyer, H. B. and Nyffeler, A. and Wittig, H.",
      title          = "{The Hadronic Vacuum Polarization Contribution to the
                        Muon $g-2$ from Lattice QCD}",
      journal        = "JHEP",
      volume         = "10",
      year           = "2017",
      pages          = "020",
      doi            = "10.1007/JHEP10(2017)020",
      eprint         = "1705.01775",
      archivePrefix  = "arXiv",
      primaryClass   = "hep-lat",
      reportNumber   = "CP3-ORIGINS-2017-015, HIM-2017-02, IFT-UAM-CSIC-17-039,
                        MITP-17-030",
      SLACcitation   = "%%CITATION = ARXIV:1705.01775;%%"
}


@article{ hoecker,
  title="{The Muon Anomalous Magnetic Moment}",
  author={Hoecker, A and Marciano, W},
  journal={Rept. Prog. Phys},
  volume={70},
  pages={795},
  year={2007}
}

@article{ pdg,
      author         = "Patrignani, C. and others",
      title          = "{Review of Particle Physics}",
      collaboration  = "Particle Data Group",
      journal        = "Chin. Phys.",
      volume         = "C40",
      year           = "2016",
      number         = "10",
      pages          = "100001",
      doi            = "10.1088/1674-1137/40/10/100001",
      SLACcitation   = "%%CITATION = CHPHD,C40,100001;%%"
}

@article{	phipps,
  title = "{The Magnetic Moment of the Hydrogen Atom}",
  author = {Phipps, T. E. and Taylor, J. B.},
  journal = {Phys. Rev.},
  volume = {29},
  issue = {2},
  pages = {309--320},
  numpages = {0},
  year = {1927},
  month = {Feb},
  publisher = {American Physical Society},
  doi = {10.1103/PhysRev.29.309},
  note= {\url{https://link.aps.org/doi/10.1103/PhysRev.29.309}}
}


@article{	lehnerg2,
      author         = "Jegerlehner, Fred and Nyffeler, Andreas",
      title          = "{The Muon g-2}",
      journal        = "Phys. Rept.",
      volume         = "477",
      year           = "2009",
      pages          = "1-110",
      doi            = "10.1016/j.physrep.2009.04.003",
      eprint         = "0902.3360",
      archivePrefix  = "arXiv",
      primaryClass   = "hep-ph",
      reportNumber   = "HU-EP-09-07, HRI-P-09-02-001, RECAPP-HRI-2009-003",
      SLACcitation   = "%%CITATION = ARXIV:0902.3360;%%"
}

@article{	millerg2,
      author         = "Miller, James P. and de Rafael, Eduardo and Roberts, B.
                        Lee",
      title          = "{Muon (g-2): Experiment and Theory}",
      journal        = "Rept. Prog. Phys.",
      volume         = "70",
      year           = "2007",
      pages          = "795",
      doi            = "10.1088/0034-4885/70/5/R03",
      eprint         = "hep-ph/0703049",
      archivePrefix  = "arXiv",
      primaryClass   = "hep-ph",
      reportNumber   = "PREPRINT-CPT-P07-2007",
      SLACcitation   = "%%CITATION = HEP-PH/0703049;%%"
}

@article{	bnl,
      author         = "Bennett, G. W. and others",
      title          = "{Final Report of the Muon E821 Anomalous Magnetic Moment
                        Measurement at BNL}",
      collaboration  = "Muon g-2",
      journal        = "Phys. Rev.",
      volume         = "D73",
      year           = "2006",
      pages          = "072003",
      doi            = "10.1103/PhysRevD.73.072003",
      eprint         = "hep-ex/0602035",
      archivePrefix  = "arXiv",
      primaryClass   = "hep-ex",
      SLACcitation   = "%%CITATION = HEP-EX/0602035;%%"
}

@article{  fermilab,
author = "Logashenko, I. and others",

	title = {{The Measurement of the Anomalous Magnetic Moment of the Muon at Fermilab}},
	journal = {Journal of Physical and Chemical Reference Data},
	volume = {44},
	number = {3},
	pages = {031211},
	year = {2015},
	doi = {10.1063/1.4917553},

	note = {\url{https://doi.org/10.1063/1.4917553}},
	eprint = {\url{ https://doi.org/10.1063/1.4917553}}

}

@article{	muon_hyperfine,
  author = "Liu, W. and others",
  title = {{High Precision Measurements of the Ground State Hyperfine Structure Interval of Muonium and of the Muon Magnetic Moment}},
  journal = {Phys. Rev. Lett.},
  volume = {82},
  issue = {4},
  pages = {711--714},
  numpages = {0},
  year = {1999},
  month = {Jan},
  publisher = {American Physical Society},
  doi = {10.1103/PhysRevLett.82.711},
  note = {\url{https://link.aps.org/doi/10.1103/PhysRevLett.82.711}}
}

@article{ eidelman,
      author         = "Eidelman, S. and Passera, M.",
      title          = "{Theory of The Tau Lepton Anomalous Magnetic Moment}",
      journal        = "Mod. Phys. Lett.",
      volume         = "A22",
      year           = "2007",
      pages          = "159-179",
      doi            = "10.1142/S0217732307022694",
      eprint         = "hep-ph/0701260",
      archivePrefix  = "arXiv",
      primaryClass   = "hep-ph",
      SLACcitation   = "%%CITATION = HEP-PH/0701260;%%"
}

@article{ particle_review,
  title = "{Review of Particle Physics}",
  author = {Beringer, J. and others},
  collaboration = {Particle Data Group},
  journal = {Phys. Rev. D},
  volume = {86},
  issue = {1},
  pages = {010001},
  numpages = {1528},
  year = {2012},
  month = {Jul},
  publisher = {American Physical Society},
  doi = {10.1103/PhysRevD.86.010001},
  note = {\url{https://link.aps.org/doi/10.1103/PhysRevD.86.010001}}
}
%and Arguin, J. -F. and Barnett, R. M. and Copic, K. and Dahl, O. and Groom, D. E. and Lin, C. -J. and Lys, J. and Murayama, H. and Wohl, C. G. and Yao, W. -M. and Zyla, P. A. and Amsler, C. and Antonelli, M. and Asner, D. M. and Baer, H. and Band, H. R. and Basaglia, T. and Bauer, C. W. and Beatty, J. J. and Belousov, V. I. and Bergren, E. and Bernardi, G. and Bertl, W. and Bethke, S. and Bichsel, H. and Biebel, O. and Blucher, E. and Blusk, S. and Brooijmans, G. and Buchmueller, O. and Cahn, R. N. and Carena, M. and Ceccucci, A. and Chakraborty, D. and Chen, M. -C. and Chivukula, R. S. and Cowan, G. and D'Ambrosio, G. and Damour, T. and de Florian, D. and de Gouv\^ea, A. and DeGrand, T. and de Jong, P. and Dissertori, G. and Dobrescu, B. and Doser, M. and Drees, M. and Edwards, D. A. and Eidelman, S. and Erler, J. and Ezhela, V. V. and Fetscher, W. and Fields, B. D. and Foster, B. and Gaisser, T. K. and Garren, L. and Gerber, H. -J. and Gerbier, G. and Gherghetta, T. and Golwala, S. and Goodman, M. and Grab, C. and Gritsan, A. V. and Grivaz, J. -F. and Gr\"unewald, M. and Gurtu, A. and Gutsche, T. and Haber, H. E. and Hagiwara, K. and Hagmann, C. and Hanhart, C. and Hashimoto, S. and Hayes, K. G. and Heffner, M. and Heltsley, B. and Hern\'andez-Rey, J. J. and Hikasa, K. and H\"ocker, A. and Holder, J. and Holtkamp, A. and Huston, J. and Jackson, J. D. and Johnson, K. F. and Junk, T. and Karlen, D. and Kirkby, D. and Klein, S. R. and Klempt, E. and Kowalewski, R. V. and Krauss, F. and Kreps, M. and Krusche, B. and Kuyanov, Yu. V. and Kwon, Y. and Lahav, O. and Laiho, J. and Langacker, P. and Liddle, A. and Ligeti, Z. and Liss, T. M. and Littenberg, L. and Lugovsky, K. S. and Lugovsky, S. B. and Mannel, T. and Manohar, A. V. and Marciano, W. J. and Martin, A. D. and Masoni, A. and Matthews, J. and Milstead, D. and Miquel, R. and M\"onig, K. and Moortgat, F. and Nakamura, K. and Narain, M. and Nason, P. and Navas, S. and Neubert, M. and Nevski, P. and Nir, Y. and Olive, K. A. and Pape, L. and Parsons, J. and Patrignani, C. and Peacock, J. A. and Petcov, S. T. and Piepke, A. and Pomarol, A. and Punzi, G. and Quadt, A. and Raby, S. and Raffelt, G. and Ratcliff, B. N. and Richardson, P. and Roesler, S. and Rolli, S. and Romaniouk, A. and Rosenberg, L. J. and Rosner, J. L. and Sachrajda, C. T. and Sakai, Y. and Salam, G. P. and Sarkar, S. and Sauli, F. and Schneider, O. and Scholberg, K. and Scott, D. and Seligman, W. G. and Shaevitz, M. H. and Sharpe, S. R. and Silari, M. and Sj\"ostrand, T. and Skands, P. and Smith, J. G. and Smoot, G. F. and Spanier, S. and Spieler, H. and Stahl, A. and Stanev, T. and Stone, S. L. and Sumiyoshi, T. and Syphers, M. J. and Takahashi, F. and Tanabashi, M. and Terning, J. and Titov, M. and Tkachenko, N. P. and T\"ornqvist, N. A. and Tovey, D. and Valencia, G. and van Bibber, K. and Venanzoni, G. and Vincter, M. G. and Vogel, P. and Vogt, A. and Walkowiak, W. and Walter, C. W. and Ward, D. R. and Watari, T. and Weiglein, G. and Weinberg, E. J. and Wiencke, L. R. and Wolfenstein, L. and Womersley, J. and Woody, C. L. and Workman, R. L. and Yamamoto, A. and Zeller, G. P. and Zenin, O. V. and Zhang, J. and Zhu, R. -Y. and Harper, G. and Lugovsky, V. S. and Schaffner, P.





