





@article{doi:10.1063/1.1666314,
author = {Michael Barnsley},
title = {The bounding properties of the multipoint Pad√© approximant to a series of Stieltjes on the real line},
journal = {Journal of Mathematical Physics},
volume = {14},
number = {3},
pages = {299-313},
year = {1973},
doi = {10.1063/1.1666314},

URL = { 
        https://doi.org/10.1063/1.1666314
    
},
eprint = { 
        https://doi.org/10.1063/1.1666314
    
}

}


